<record><leader>01268nam a2200337 i 4500</leader><controlfield tag="001">6466380</controlfield><controlfield tag="005">20140212014255.0</controlfield><controlfield tag="008">140213s2015    maua          001 0 eng  </controlfield><datafield ind1=" " ind2=" " tag="010"><subfield code="a">  2013040834</subfield></datafield><datafield ind1=" " ind2=" " tag="020"><subfield code="a">9780321919007</subfield></datafield><datafield ind1=" " ind2=" " tag="035"><subfield code="a">ocn862928609</subfield></datafield><datafield ind1=" " ind2=" " tag="040"><subfield code="a">DLC</subfield><subfield code="b">eng</subfield><subfield code="c">DLC</subfield><subfield code="e">rda</subfield><subfield code="d">DLC</subfield><subfield code="d">AVC</subfield></datafield><datafield ind1=" " ind2=" " tag="042"><subfield code="a">pcc</subfield></datafield><datafield ind1="0" ind2="0" tag="050"><subfield code="a">QP34.5</subfield><subfield code="b">.M455 2015</subfield></datafield><datafield ind1="0" ind2="0" tag="082"><subfield code="a">612</subfield><subfield code="2">23</subfield></datafield><datafield ind1=" " ind2=" " tag="090"><subfield code="a">QP 34.5 M245 2015</subfield><subfield code="b">AVC</subfield></datafield><datafield ind1="1" ind2=" " tag="100"><subfield code="a">Marieb, Elaine Nicpon,</subfield><subfield code="d">1936-</subfield></datafield><datafield ind1="1" ind2="0" tag="245"><subfield code="a">Essentials of human anatomy &amp; physiology /</subfield><subfield code="c">Elaine N. Marieb, R.N., Ph.D., Holyoke Community College.</subfield></datafield><datafield ind1="3" ind2=" " tag="246"><subfield code="a">Essentials of human anatomy and physiology</subfield></datafield><datafield ind1=" " ind2=" " tag="250"><subfield code="a">Eleventh edition.</subfield></datafield><datafield ind1=" " ind2="1" tag="264"><subfield code="a">Boston :</subfield><subfield code="b">Pearson,</subfield><subfield code="c">[2015]</subfield></datafield><datafield ind1=" " ind2=" " tag="300"><subfield code="a">xxiv, 632 pages :</subfield><subfield code="b">color illustrations ;</subfield><subfield code="c">29 cm</subfield></datafield><datafield ind1=" " ind2=" " tag="336"><subfield code="a">text</subfield><subfield code="2">rdacontent</subfield></datafield><datafield ind1=" " ind2=" " tag="337"><subfield code="a">unmediated</subfield><subfield code="2">rdamedia</subfield></datafield><datafield ind1=" " ind2=" " tag="338"><subfield code="a">volume</subfield><subfield code="2">rdacarrier</subfield></datafield><datafield ind1=" " ind2=" " tag="500"><subfield code="a">Includes index.</subfield></datafield><datafield ind1=" " ind2=" " tag="596"><subfield code="a">52</subfield></datafield><datafield ind1=" " ind2="0" tag="650"><subfield code="a">Human physiology.</subfield></datafield><datafield ind1=" " ind2="0" tag="650"><subfield code="a">Human anatomy.</subfield></datafield><datafield ind1=" " ind2=" " tag="926"><subfield code="a">QP 34.5 M245 2015</subfield><subfield code="w">LC</subfield><subfield code="c">1</subfield><subfield code="i">38288001116208</subfield><subfield code="d">10/31/2016</subfield><subfield code="e">10/19/2016</subfield><subfield code="f">2/25/2015</subfield><subfield code="g">1</subfield><subfield code="l">ON_SHELF</subfield><subfield code="m">LAKELND_LL</subfield><subfield code="n">4</subfield><subfield code="r">Y</subfield><subfield code="s">Y</subfield><subfield code="t">BOOK</subfield><subfield code="u">2/13/2014</subfield><subfield code="z">DONATION</subfield></datafield><datafield ind1=" " ind2=" " tag="926"><subfield code="a">QP 34.5 M245 2015</subfield><subfield code="w">LC</subfield><subfield code="c">2</subfield><subfield code="i">38288001116190</subfield><subfield code="d">2/27/2017</subfield><subfield code="e">1/18/2017</subfield><subfield code="f">2/12/2015</subfield><subfield code="g">1</subfield><subfield code="l">ON_SHELF</subfield><subfield code="m">LAKELND_LL</subfield><subfield code="n">5</subfield><subfield code="r">Y</subfield><subfield code="s">Y</subfield><subfield code="t">BOOK</subfield><subfield code="u">2/13/2014</subfield><subfield code="z">DONATION</subfield></datafield></record>